@inproceedings{bernstein2012direct,
  title={Direct answers for search queries in the long tail},
  author={Bernstein, Michael S and Teevan, Jaime and Dumais, Susan and Liebling, Daniel and Horvitz, Eric},
  booktitle={Proceedings of the SIGCHI conference on human factors in computing systems},
  pages={237--246},
  year={2012},
  organization={ACM}
}
